@article{1,
    title={A neural attention model for speech command recognition},
    author={Douglas Coimbra de Andrade and Sabato Leo and Martin Loesener Da Silva Viana and Christoph Bernkopf},
    year={2018},
    eprint={1808.08929},
    archivePrefix={arXiv},
    primaryClass={eess.AS}
}

@article{2,
  author    = {Raphael Tang and
               Jimmy Lin},
  title     = {Deep Residual Learning for Small-Footprint Keyword Spotting},
  journal   = {CoRR},
  volume    = {abs/1710.10361},
  year      = {2017},
  url       = {http://arxiv.org/abs/1710.10361},
  archivePrefix = {arXiv},
  eprint    = {1710.10361},
  timestamp = {Mon, 13 Aug 2018 16:46:58 +0200},
  biburl    = {https://dblp.org/rec/journals/corr/abs-1710-10361.bib},
  bibsource = {dblp computer science bibliography, https://dblp.org}
}



@article{3,
  author    = {Sercan Omer Arik and
               Markus Kliegl and
               Rewon Child and
               Joel Hestness and
               Andrew Gibiansky and
               Christopher Fougner and
               Ryan Prenger and
               Adam Coates},
  title     = {Convolutional Recurrent Neural Networks for Small-Footprint Keyword
               Spotting},
  journal   = {CoRR},
  volume    = {abs/1703.05390},
  year      = {2017},
  url       = {http://arxiv.org/abs/1703.05390},
  archivePrefix = {arXiv},
  eprint    = {1703.05390},
  timestamp = {Mon, 13 Aug 2018 16:47:39 +0200},
  biburl    = {https://dblp.org/rec/journals/corr/ArikKCHGFPC17.bib},
  bibsource = {dblp computer science bibliography, https://dblp.org}
}

@article{4,
  author    = {Pete Warden},
  title     = {Speech Commands: {A} Dataset for Limited-Vocabulary Speech Recognition},
  journal   = {CoRR},
  volume    = {abs/1804.03209},
  year      = {2018},
  url       = {http://arxiv.org/abs/1804.03209},
  archivePrefix = {arXiv},
  eprint    = {1804.03209},
  timestamp = {Mon, 13 Aug 2018 16:48:32 +0200},
  biburl    = {https://dblp.org/rec/journals/corr/abs-1804-03209.bib},
  bibsource = {dblp computer science bibliography, https://dblp.org}
}

@manual{5,
      title  = {Speech commands dataset version 2},
      note = {\url{http://download.tensorflow.org/data/speech_commands_v0.02.tar.gz}},
      year   = {2018}
}


@manual{6,
      title  = {Speech commands dataset test set version 2},
      note = {\url{http://download.tensorflow.org/data/speech_commands_test_set_v0.02.tar.gz}},
      year   = {2018}
}

@inproceedings{7,
  title={librosa: Audio and Music Signal Analysis in Python},
  author={Brian McFee and Colin Raffel and Dawen Liang and Daniel Patrick Whittlesey Ellis and Matt McVicar and Eric Battenberg and Oriol Nieto},
  year={2015}
}

@misc{8,
    title={Adam: A Method for Stochastic Optimization},
    author={Diederik P. Kingma and Jimmy Ba},
    year={2014},
    eprint={1412.6980},
    archivePrefix={arXiv},
    primaryClass={cs.LG}
}


@article{9,
  author    = {Kaiming He and
               Xiangyu Zhang and
               Shaoqing Ren and
               Jian Sun},
  title     = {Deep Residual Learning for Image Recognition},
  journal   = {CoRR},
  volume    = {abs/1512.03385},
  year      = {2015},
  url       = {http://arxiv.org/abs/1512.03385},
  archivePrefix = {arXiv},
  eprint    = {1512.03385},
  timestamp = {Wed, 17 Apr 2019 17:23:45 +0200},
  biburl    = {https://dblp.org/rec/journals/corr/HeZRS15.bib},
  bibsource = {dblp computer science bibliography, https://dblp.org}
}


@inproceedings{10,
title	= {Convolutional Neural Networks for Small-Footprint Keyword Spotting},
author	= {Tara Sainath and Carolina Parada},
year	= {2015},
booktitle	= {Interspeech}
}


@article{11,
    title={Neural Machine Translation by Jointly Learning to Align and Translate},
    author={Dzmitry Bahdanau and Kyunghyun Cho and Yoshua Bengio},
    year={2014},
    eprint={1409.0473},
    archivePrefix={arXiv},
    primaryClass={cs.CL}
}
@article{12,
  author    = {Ashish Vaswani and
               Noam Shazeer and
               Niki Parmar and
               Jakob Uszkoreit and
               Llion Jones and
               Aidan N. Gomez and
               Lukasz Kaiser and
               Illia Polosukhin},
  title     = {Attention Is All You Need},
  journal   = {CoRR},
  volume    = {abs/1706.03762},
  year      = {2017},
  url       = {http://arxiv.org/abs/1706.03762},
  archivePrefix = {arXiv},
  eprint    = {1706.03762},
  timestamp = {Mon, 13 Aug 2018 16:48:37 +0200},
  biburl    = {https://dblp.org/rec/journals/corr/VaswaniSPUJGKP17.bib},
  bibsource = {dblp computer science bibliography, https://dblp.org}
}


@misc{13,
    title={The Microsoft 2017 Conversational Speech Recognition System},
    author={W. Xiong and L. Wu and F. Alleva and J. Droppo and X. Huang and A. Stolcke},
    year={2017},
    eprint={1708.06073},
    archivePrefix={arXiv},
    primaryClass={cs.CL}
}

@article{14,
  author    = {Rupesh Kumar Srivastava and
               Klaus Greff and
               J{\"{u}}rgen Schmidhuber},
  title     = {Highway Networks},
  journal   = {CoRR},
  volume    = {abs/1505.00387},
  year      = {2015},
  url       = {http://arxiv.org/abs/1505.00387},
  archivePrefix = {arXiv},
  eprint    = {1505.00387},
  timestamp = {Mon, 13 Aug 2018 16:48:21 +0200},
  biburl    = {https://dblp.org/rec/journals/corr/SrivastavaGS15.bib},
  bibsource = {dblp computer science bibliography, https://dblp.org}
}

